<?xml version="1.0" encoding="UTF-8"?><collection xmlns="http://www.loc.gov/MARC21/slim"><record><leader>00511nam--2200193-i-4500</leader><controlfield tag="001">000047294</controlfield><controlfield tag="002">20161230</controlfield><controlfield tag="005">20161230201046</controlfield><controlfield tag="008">060222s1000------------r-----000-0-eng-d</controlfield><datafield ind1=" " ind2=" " tag="040"><subfield code="a">IFIN-HH</subfield></datafield><datafield ind1=" " ind2=" " tag="080"><subfield code="a">621.318.2</subfield></datafield><datafield ind1="1" ind2=" " tag="100"><subfield code="a">Nesbitt, E.A</subfield></datafield><datafield ind1="1" ind2="0" tag="245"><subfield code="a">Rare earth permanent magnets</subfield><subfield code="c">E.a. nesbitt, j.h. wernick</subfield></datafield><datafield ind1=" " ind2=" " tag="260"><subfield code="a">New York</subfield><subfield code="b">Academic Press</subfield><subfield code="c">1973</subfield></datafield><datafield ind1=" " ind2=" " tag="300"><subfield code="a">IX + 199P</subfield></datafield><datafield ind1=" " ind2=" " tag="490"><subfield code="a">Materials Science Series</subfield></datafield><datafield ind1="1" ind2=" " tag="700"><subfield code="a">Wernick, J.H</subfield></datafield><datafield ind1=" " ind2=" " tag="852"><subfield code="a">42381</subfield><subfield code="c">539.2</subfield></datafield><datafield ind1=" " ind2=" " tag="CAT"><subfield code="a">Sys</subfield><subfield code="c">20121024</subfield><subfield code="h">150647</subfield></datafield></record></collection>